@article{bala2000dynamo,
  title={Dynamo: a transparent dynamic optimization system},
  author={Bala, Vasanth and Duesterwald, Evelyn and Banerjia, Sanjeev},
  journal={ACM SIGPLAN Notices},
  volume={35},
  number={5},
  pages={1--12},
  year={2000},
  publisher={ACM}
}

@inproceedings{sullivan2003dynamic,
  title={Dynamic native optimization of interpreters},
  author={Sullivan, Gregory T and Bruening, Derek L and Baron, Iris and Garnett, Timothy and Amarasinghe, Saman},
  booktitle={Proceedings of the 2003 workshop on Interpreters, virtual machines and emulators},
  pages={50--57},
  year={2003},
  organization={ACM}
}

@online{tratt_fast_enough,
  author = {Laurance Tratt},
  title = {Fast Enough VMs in Fast Enough Times},
  year = 2012,
  url = {http://tratt.net/laurie/blog/entries/fast_enough_vms_in_fast_enough_time.html},
  urldate = {2016-11-22}
}

@online{tiobe_index,
  author = {TIOBE},
  title = {TIOBE Index for October 2016},
  year = 2016,
  url = {http://www.tiobe.com/tiobe-index/},
  urldate = {2016-10-22}
}

@online{Smith2011,
  author = {Chris Smith},
  title = {What To Know Before Debating Type Systems},
  url = {https://cdsmith.wordpress.com/2011/01/09/an-old-article-i-wrote/},
  year = 2011,
  urldate = {2016-12-12},
}

@online{benchmarks_game,
  author = {Gouy, Isaac},
  title = {The Computer Language Benchmarks Game},
  year = 2016,
  url = {https://benchmarksgame.alioth.debian.org/},
  urldate = {2016-10-22}
}

@article{bolz14impact,
    author = {Carl Friedrich Bolz and Laurence Tratt},
    title = {The Impact of Meta-Tracing on {VM} Design and Implementation},
    journal = {SCICO},
    year = {2015},
    month = Feb,
    pages = {408--421},
    volume = {98},
    number = 3,
    issn = {0167-6423},
    doi = {10.1016/j.scico.2013.02.001},
}

@article{tratt2009dynamically,
  author = "Laurence Tratt",
  title  = "Dynamically Typed Languages",
  journal = "Advances in Computers",
  editor = "Marvin V. Zelkowitz",
  volume = "77",
  year = "2009",
  month = Jul,
  pages = {149-184}
}

@article{aycock2003brief,
  title={A brief history of just-in-time},
  author={Aycock, John},
  journal={ACM Computing Surveys (CSUR)},
  volume={35},
  number={2},
  pages={97--113},
  year={2003},
  publisher={ACM}
}

@article{knuth1971empirical,
  title={An empirical study of FORTRAN programs},
  author={Knuth, Donald E},
  journal={Software: Practice and Experience},
  volume={1},
  number={2},
  pages={105--133},
  year={1971},
  publisher={Wiley Online Library}
}

@article{knuth1974structured,
  title={Structured Programming with go to Statements},
  author={Knuth, Donald E},
  journal={ACM Computing Surveys (CSUR)},
  volume={6},
  number={4},
  pages={261--301},
  year={1974},
  publisher={ACM}
}

@inproceedings{Rau1978,
 author = {Rau, B. Ramakrishna},
 title = {Levels of Representation of Programs and the Architecture of Universal Host Machines},
 booktitle = {Proceedings of the 11th Annual Workshop on Microprogramming},
 series = {MICRO 11},
 year = {1978},
 location = {Pacific Grove, California, USA},
 pages = {67--79},
 numpages = {13},
 url = {http://dl.acm.org/citation.cfm?id=800132.804311},
 acmid = {804311},
 publisher = {IEEE Press},
 address = {Piscataway, NJ, USA},
}

@phdthesis{hansen1974adaptive,
  title={ADAPTIVE SYSTEMS FOR THE DYNAMIC},
  author={Hansen, Gilbert Joseph},
  year={1974},
  school={Carnegie-Mellon University}
}

@inproceedings{holzle1994optimizing,
  title={Optimizing dynamically-dispatched calls with run-time type feedback},
  author={H{\"o}lzle, Urs and Ungar, David},
  booktitle={ACM SIGPLAN Notices},
  volume={29},
  number={6},
  pages={326--336},
  year={1994},
  organization={ACM}
}

@article{tyma1998we,
  title={Why are we using Java again?},
  author={Tyma, Paul},
  journal={Communications of the ACM},
  volume={41},
  number={6},
  pages={38--42},
  year={1998},
  publisher={ACM}
}

@misc{petrashko2016,
  author={Petrashko, Dmytro},
  howpublished="Private communication",
  year={2016}
}

@article{arnold2005survey,
  title={A survey of adaptive optimization in virtual machines},
  author={Arnold, Matthew and Fink, Stephen J and Grove, David and Hind, Michael and Sweeney, Peter F},
  journal={Proceedings of the IEEE},
  volume={93},
  number={2},
  pages={449--466},
  year={2005},
  publisher={IEEE}
}

@inproceedings{wurthinger2013one,
  title={One VM to rule them all},
  author={W{\"u}rthinger, Thomas and Wimmer, Christian and W{\"o}{\ss}, Andreas and Stadler, Lukas and Duboscq, Gilles and Humer, Christian and Richards, Gregor and Simon, Doug and Wolczko, Mario},
  booktitle={Proceedings of the 2013 ACM international symposium on New ideas, new paradigms, and reflections on programming \& software},
  pages={187--204},
  year={2013},
  organization={ACM}
}

@inproceedings{bolz2009tracing,
  title={Tracing the meta-level: PyPy's tracing JIT compiler},
  author={Bolz, Carl Friedrich and Cuni, Antonio and Fijalkowski, Maciej and Rigo, Armin},
  booktitle={Proceedings of the 4th workshop on the Implementation, Compilation, Optimization of Object-Oriented Languages and Programming Systems},
  pages={18--25},
  year={2009},
  organization={ACM}
}

@article{barrett2016virtual,
  title={Virtual Machine Warmup Blows Hot and Cold},
  author={Barrett, Edd and Bolz, Carl Friedrich and Killick, Rebecca and Knight, Vincent and Mount, Sarah and Tratt, Laurence},
  journal={arXiv preprint arXiv:1602.00602},
  year={2016}
}

@inproceedings{gaudet2016rebuilding,
  title={Rebuilding an airliner in flight: a retrospective on refactoring IBM testarossa production compiler for Eclipse OMR},
  author={Gaudet, Matthew and Stoodley, Mark},
  booktitle={Proceedings of the 8th International Workshop on Virtual Machines and Intermediate Languages},
  pages={24--27},
  year={2016},
  organization={ACM}
}

@inproceedings{deutsch1984efficient,
  title={Efficient implementation of the Smalltalk-80 system},
  author={Deutsch, L Peter and Schiffman, Allan M},
  booktitle={Proceedings of the 11th ACM SIGACT-SIGPLAN symposium on Principles of programming languages},
  pages={297--302},
  year={1984},
  organization={ACM}
}

@article{marr2014we,
  title={Are We There Yet?: Simple Language Implementation Techniques for the 21st Century},
  author={Marr, Stefan and Pape, Tobias and De Meuter, Wolfgang},
  journal={IEEE Software},
  volume={31},
  number={5},
  pages={60--67},
  year={2014},
  publisher={IEEE}
}

@online{pypy2016fast,
  title={How fast is PyPy?},
  author={PyPy team},
  url = {http://speed.pypy.org/},
  year = 2016,
  urldate = {2016-12-30},
}

@inproceedings{chambers1990iterative,
  title={Iterative type analysis and extended message splitting; optimizing dynamically-typed object-oriented programs},
  author={Chambers, Craig and Ungar, David},
  booktitle={ACM SIGPLAN Notices},
  volume={25},
  number={6},
  pages={150--164},
  year={1990},
  organization={ACM}
}

@online{lea2003java,
  title={The Java is Faster than C++ and C++ Sucks Unbiased Benchmark},
  author={Lea, Keith},
  url={http://keithlea.com/javabench/index},
  year=2003,
  urldate={2016-12-30},
}

@online{android2016implementing,
  title={Implementing ART Just-In-Time (JIT) Compiler},
  url={https://source.android.com/devices/tech/dalvik/jit-compiler.html},
  year=2016,
  urldate={2016-12-30},
}

@article{yermolovich2009optimization,
  title={Optimization of dynamic languages using hierarchical layering of virtual machines},
  author={Yermolovich, Alexander and Wimmer, Christian and Franz, Michael},
  journal={ACM Sigplan Notices},
  volume={44},
  number={12},
  pages={79--88},
  year={2009},
  publisher={ACM}
}

@inproceedings{bebenita2010spur,
  title={SPUR: a trace-based JIT compiler for CIL},
  author={Bebenita, Michael and Brandner, Florian and Fahndrich, Manuel and Logozzo, Francesco and Schulte, Wolfram and Tillmann, Nikolai and Venter, Herman},
  booktitle={ACM Sigplan Notices},
  volume={45},
  number={10},
  pages={708--725},
  year={2010},
  organization={ACM}
}

@techreport{mitchell1970design,
  title={The design and construction of flexible and efficient interactive programming systems.},
  author={Mitchell, James G},
  year={1970},
  institution={DTIC Document}
}

@article{gal2009trace,
  title={Trace-based just-in-time type specialization for dynamic languages},
  author={Gal, Andreas and Eich, Brendan and Shaver, Mike and Anderson, David and Mandelin, David and Haghighat, Mohammad R and Kaplan, Blake and Hoare, Graydon and Zbarsky, Boris and Orendorff, Jason and others},
  journal={ACM Sigplan Notices},
  volume={44},
  number={6},
  pages={465--478},
  year={2009},
  publisher={ACM}
}

@online{pypy2016faq,
  title={Frequently Asked Questions},
  author={PyPy team},
  year=2016,
  url={https://rpython.readthedocs.io/en/latest/faq.html},
  urldate={2016-12-30},
}

@inproceedings{barrett2016fine,
    author    = {Barrett, Edd and Bolz, Carl Friedrich and Diekmann, Lukas and Tratt, Laurence},
    title     = {Fine-grained Language Composition: A Case Study},
    year      = {2016},
    month     = Jul,
    publisher = {Dagstuhl LIPIcs},
    booktitle = {ECOOP},
    doi       = {http://dx.doi.org/10.4230/LIPIcs.ECOOP.2016.3}
}

@inproceedings{parkhurst2006single,
  title={From single core to multi-core: preparing for a new exponential},
  author={Parkhurst, Jeff and Darringer, John and Grundmann, Bill},
  booktitle={Proceedings of the 2006 IEEE/ACM international conference on Computer-aided design},
  pages={67--72},
  year={2006},
  organization={ACM}
}

@online{eclipseOMR,
  title={OMR | Eclipse Projects},
  url={https://projects.eclipse.org/proposals/omr},
  urldate={2016-12-30},
}

@inproceedings{beazley2010understanding,
  title={Understanding the python gil},
  author={Beazley, David},
  booktitle={PyCON Python Conference. Atlanta, Georgia},
  year={2010}
}

@inproceedings{meier2014way,
  title={A way forward in parallelising dynamic languages},
  author={Meier, Remigius and Rigo, Armin},
  booktitle={Proceedings of the 9th International Workshop on Implementation, Compilation, Optimization of Object-Oriented Languages, Programs and Systems PLE},
  pages={4},
  year={2014},
  organization={ACM}
}

@article{marr2015tracing,
  title={Tracing vs. partial evaluation: Comparing meta-compilation approaches for self-optimizing interpreters},
  author={Marr, Stefan and Ducasse, St{\'e}phane},
  journal={ACM SIGPLAN Notices},
  volume={50},
  number={10},
  pages={821--839},
  year={2015},
  publisher={ACM}
}

@inproceedings{bruening2000exploring,
  title={Exploring optimal compilation unit shapes for an embedded just-in-time compiler},
  author={Bruening, Derek and Duesterwald, Evelyn},
  booktitle={In Proceedings of the 2000 ACM Workshop on Feedback-Directed and Dynamic Optimization FDDO-3},
  year={2000},
  organization={Citeseer}
}

@inproceedings{lin2016rust,
  title={Rust as a Language for High Performance GC Implementation},
  author={Lin, Yi and Blackburn, Stephen M and Hosking, Antony L and Norrish, Michael and Jibaja, Ivan and Cao, Ting and Blackburn, Stephen M and McKinley, Kathryn S and Yang, Xi and Blackburn, Stephen M and others},
  booktitle={Proceedings of the Sixteenth ACM SIGPLAN International Symposium on Memory Management, ISMM'16, Santa Barbara, CA, June 13, 2016},
  volume={47},
  pages={165--176},
  year={2016},
  organization={IEEE}
}

@online{pypytutorial,
  author={Brown, Andrew},
  title={Tutorial Part 2: Adding a JIT},
  url={https://morepypy.blogspot.de/2011/04/tutorial-part-2-adding-jit.html},
  urldate={2016-12-30},
}

@article{kulkarni2011jit,
  title={JIT compilation policy for modern machines},
  author={Kulkarni, Prasad A},
  journal={ACM SIGPLAN Notices},
  volume={46},
  number={10},
  pages={773--788},
  year={2011},
  publisher={ACM}
}

@inproceedings{kalibera2013rigorous,
  title={Rigorous benchmarking in reasonable time},
  author={Kalibera, Tomas and Jones, Richard},
  booktitle={ACM SIGPLAN Notices},
  volume={48},
  number={11},
  pages={63--74},
  year={2013},
  organization={ACM}
}
